<?xml version="1.0" encoding="UTF-8"?><collection xmlns="http://www.loc.gov/MARC21/slim"><record><leader>00442nam--2200133-i-4500</leader><controlfield tag="001">000019079</controlfield><controlfield tag="002">20161230</controlfield><controlfield tag="005">20161230201033</controlfield><controlfield tag="008">060222s1000------------r-----000-0-eng-d</controlfield><datafield ind1=" " ind2=" " tag="100"><subfield code="a">Ekiss, John A., Gray, Charles R., Manasse, Fred K</subfield></datafield><datafield ind1=" " ind2=" " tag="245"><subfield code="a">Modern transistor electronics analysis and design</subfield></datafield><datafield ind1=" " ind2=" " tag="260"><subfield code="a">Englewood Cliffs, N.J., Prentice-hall, Inc., 1967. Xix + 555 P</subfield></datafield><datafield ind1=" " ind2=" " tag="490"><subfield code="a">Prentice-hall Electrical Engineering Series</subfield></datafield><datafield ind1=" " ind2=" " tag="852"><subfield code="a">30581</subfield></datafield></record></collection>